<record><leader>00000cas a2200000 a 4500</leader><controlfield tag="001">55505141</controlfield><controlfield tag="007">hd afu---bucu</controlfield><controlfield tag="008">040528d19861990waudn nea     0    0eng c</controlfield><datafield ind1=" " ind2=" " tag="010"><subfield code="a">  2004252496</subfield></datafield><datafield ind1=" " ind2=" " tag="040"><subfield code="a">WAU</subfield><subfield code="b">eng</subfield><subfield code="c">WAU</subfield><subfield code="d">OCLCQ</subfield><subfield code="d">OCLCF</subfield><subfield code="d">OCLCO</subfield></datafield><datafield ind1=" " ind2=" " tag="022"><subfield code="a">0894-1637</subfield><subfield code="l">0894-1637</subfield><subfield code="y">0744-7337</subfield></datafield><datafield ind1="1" ind2=" " tag="029"><subfield code="a">AU@</subfield><subfield code="b">000025638552</subfield></datafield><datafield ind1=" " ind2=" " tag="042"><subfield code="a">pcc</subfield></datafield><datafield ind1=" " ind2=" " tag="043"><subfield code="a">n-us-wa</subfield></datafield><datafield ind1="0" ind2=" " tag="130"><subfield code="a">Valley daily news (Auburn globe news ed.)</subfield></datafield><datafield ind1=" " ind2="0" tag="222"><subfield code="a">Valley daily news</subfield><subfield code="b">(Auburn globe news ed.)</subfield></datafield><datafield ind1="0" ind2="0" tag="245"><subfield code="a">Valley daily news</subfield><subfield code="h">[microform].</subfield></datafield><datafield ind1=" " ind2=" " tag="250"><subfield code="a">Auburn globe news ed.</subfield></datafield><datafield ind1=" " ind2=" " tag="260"><subfield code="a">Kent, WA :</subfield><subfield code="b">Valley Newspapers</subfield></datafield><datafield ind1=" " ind2=" " tag="310"><subfield code="a">Daily (except Saturday)</subfield></datafield><datafield ind1="0" ind2=" " tag="362"><subfield code="a">Vol. 98, no. 235 (Oct. 1, 1986)-v. 102, no. 156 (July 1, 1990).</subfield></datafield><datafield ind1=" " ind2=" " tag="580"><subfield code="a">Merged with: Valley daily news (Kent news journal ed.) and Valley daily news (Renton record chronicle ed.) to form: Valley daily news (Bellevue, Wash. : 1990).</subfield></datafield><datafield ind1=" " ind2=" " tag="533"><subfield code="a">Microfilm.</subfield><subfield code="b">Ann Arbor, Mich. :</subfield><subfield code="c">University Microfilms International.</subfield><subfield code="e">microfilm reels ; 35 mm.</subfield><subfield code="n">Filmed with: Valley daily news (Kent news journal ed.) and Valley daily news (Renton record chronicle ed.).</subfield></datafield><datafield ind1=" " ind2="0" tag="651"><subfield code="a">Kent (Wash.)</subfield><subfield code="v">Newspapers.</subfield></datafield><datafield ind1=" " ind2="0" tag="651"><subfield code="a">Auburn (Wash.)</subfield><subfield code="v">Newspapers.</subfield></datafield><datafield ind1=" " ind2="7" tag="655"><subfield code="a">Newspapers.</subfield><subfield code="2">fast</subfield><subfield code="0">(OCoLC)fst01423814</subfield></datafield><datafield ind1=" " ind2="7" tag="651"><subfield code="a">Washington (State)</subfield><subfield code="z">Auburn.</subfield><subfield code="2">fast</subfield><subfield code="0">(OCoLC)fst01222708</subfield></datafield><datafield ind1=" " ind2="7" tag="651"><subfield code="a">Washington (State)</subfield><subfield code="z">Kent.</subfield><subfield code="2">fast</subfield><subfield code="0">(OCoLC)fst01211661</subfield></datafield><datafield ind1=" " ind2=" " tag="752"><subfield code="a">United States</subfield><subfield code="b">Washington</subfield><subfield code="c">King</subfield><subfield code="d">Kent.</subfield></datafield><datafield ind1=" " ind2=" " tag="752"><subfield code="a">United States</subfield><subfield code="b">Washington</subfield><subfield code="c">King</subfield><subfield code="d">Auburn.</subfield></datafield><datafield ind1="0" ind2="0" tag="780"><subfield code="t">Daily globe news (Auburn, Wash.)</subfield><subfield code="x">0744-740X</subfield></datafield><datafield ind1="1" ind2="7" tag="785"><subfield code="t">Valley daily news (Kent news journal ed.)</subfield><subfield code="x">0894-1610</subfield><subfield code="w">(DLC)  2004252484</subfield></datafield><datafield ind1="1" ind2="7" tag="785"><subfield code="t">Valley daily news (Renton record chronicle ed.)</subfield><subfield code="x">0894-1629</subfield><subfield code="w">(DLC)  2004252495</subfield></datafield><datafield ind1="1" ind2="7" tag="785"><subfield code="t">Valley daily news (Bellevue, Wash. : 1990)</subfield><subfield code="w">(DLC)sn 97047114</subfield><subfield code="w">(OCoLC)36185051</subfield></datafield><datafield ind1="1" ind2=" " tag="776"><subfield code="c">Original</subfield><subfield code="x">0894-1637</subfield><subfield code="w">(DLC)sn 87002678</subfield><subfield code="w">(OCoLC)15814589</subfield></datafield></record>